<record><leader>00000cas a22000007a 4500</leader><controlfield tag="001">20214831</controlfield><controlfield tag="008">890818d184718uumauwr ne      0    0eng d</controlfield><datafield ind1=" " ind2=" " tag="010"><subfield code="a">sn 89062160 </subfield></datafield><datafield ind1=" " ind2=" " tag="040"><subfield code="a">MGN</subfield><subfield code="b">eng</subfield><subfield code="c">MGN</subfield><subfield code="d">OCLCQ</subfield></datafield><datafield ind1=" " ind2=" " tag="042"><subfield code="a">msc</subfield></datafield><datafield ind1="0" ind2="0" tag="245"><subfield code="a">Winnisimmet chronicle and Chelsea advertiser.</subfield></datafield><datafield ind1=" " ind2=" " tag="260"><subfield code="a">Chelsea, Mass. :</subfield><subfield code="b">Abel Bowen</subfield></datafield><datafield ind1=" " ind2=" " tag="300"><subfield code="a">v.</subfield></datafield><datafield ind1=" " ind2=" " tag="310"><subfield code="a">Weekly</subfield></datafield><datafield ind1="0" ind2=" " tag="362"><subfield code="a">Vol. 1, no. 4 (Sept. 11, 1847)-</subfield></datafield><datafield ind1=" " ind2=" " tag="500"><subfield code="a">A prospectus was issued Aug. 26, 1847 and its editorial reprinted Sept. 11, 1847.</subfield></datafield><datafield ind1=" " ind2=" " tag="752"><subfield code="a">United States</subfield><subfield code="b">Massachusetts</subfield><subfield code="c">Suffolk</subfield><subfield code="d">Chelsea.</subfield></datafield><datafield ind1="0" ind2="0" tag="780"><subfield code="t">Winnisimmet chronicle</subfield><subfield code="w">(DLC)sn 89062159</subfield></datafield></record>